
@article{barr2013random,
  author = {Barr, Dale J and Levy, Roger and Scheepers, Christoph and Tily, Harry J},
  journal = {Journal of Memory and Language},
  number = {3},
  pages = {255--278},
  title = {{Random effects structure in mixed-effects models: Keep it maximal}},
  volume = {63},
  year = {2013}
}

@Article{bates2015fitting,
  title = {Fitting Linear Mixed-Effects Models Using {lme4}},
  author = {Douglas Bates and Martin M{\"a}chler and Ben Bolker and Steve Walker},
  journal = {Journal of Statistical Software},
  year = {2015},
  volume = {67},
  number = {1},
  pages = {1--48},
  doi = {10.18637/jss.v067.i01},
}

@article{buhrmester2011amazon,
	author = {Buhrmester, Michael and Kwang, Tracy and Gosling, Samuel D.},
	booktitle = {Perspectives on Psychological Science},
	doi = {10.2307/41613414},
	pages = {3--5},
	publisher = {Sage Publications, Inc.Association for Psychological Science},
	title = {{Amazon's Mechanical Turk: A} New Source of Inexpensive, Yet High-Quality, Data?},
	url = {http://www.jstor.org/stable/41613414},
	volume = {6},
	year = {2011}
}


@PROCEEDINGS{dale2011how,
  author = {Dale, Rick and Richardson, D. C. and Kirkham, N. K.},
  title = {How two people become a tangram recognition system},
  booktitle = {Proceedings of DUET (Dual Eye Tracking Workshop)},
  series = {European Conference on Computer-Supported Cooperative Work},
  publisher = {Aarhus University, Aarhus, Denmark},
  year = {2011}
}

@article{freeman2011hand,
    author = {Freeman, Jonathan B. and Dale, Rick and Farmer, Thomas A.},
    doi = {10.3389/fpsyg.2011.00059},
    issn = {1664-1078},
    journal = {Frontiers in Psychology},
    keywords = {Hand,Real-time,motor,temporal dynamics,time-course},
    month = {apr},
    pages = {59},
    publisher = {Frontiers},
    title = {Hand in Motion Reveals Mind in Motion},
    url = {http://journal.frontiersin.org/article/10.3389/fpsyg.2011.00059/abstract},
    volume = {2},
    year = {2011}
}

@article{goldstone2016discovering,
  author = {Goldstone, Robert L and Lupyan, Gary},
  doi = {10.1111/tops.12212},
  issn = {1756-8765},
  journal = {Topics in Cognitive Science},
  pages = {548--568},
  title = {Discovering Psychological Principles by Mining Naturally Occurring Data Sets},
  url = {http://onlinelibrary.wiley.com/doi/10.1111/},
  volume = {8},
  year = {2016}
}

@article{gureckis2016psiturk,
  author = {Gureckis, Todd M. and Martin, Jay and McDonnell, John and Rich, Alexander S. and Markant, Doug and Coenen, Anna and Halpern, David and Hamrick, Jessica B. and Chan, Patricia},
  issn = {1554-3528},
  journal = {Behavior Research Methods},
  month = {sep},
  number = {3},
  pages = {829--842},
  title = {psiTurk: An open-source framework for conducting replicable behavioral experiments online},
  volume = {48},
  year = {2016}
}

@article{henrich2010most,
    author = {Henrich, J. and Heine, S.J. and Norenzayan, A.},
    journal = {Nature},
    number = {7302},
    pages = {29},
    title = {{Most people are not WEIRD}},
    volume = {466},
    year = {2010}
}

@article{paolacci2014inside,
  author = {Paolacci, Gabriele and Chandler, Jesse},
  doi = {10.1177/0963721414531598},
  journal = {Current Directions in Psychological Science},
  number = {3},
  pages = {184--188},
  title = {{Inside the Turk: Understanding Mechanical T}urk as a Participant Pool},
  volume = {23},
  year = {2014}
}

@article{paxton2013argument,
  author = {Paxton, A. and Dale, R.},
  doi = {10.1080/17470218.2013.853089},
  issn = {17470218},
  journal = {Quarterly Journal of Experimental Psychology},
  keywords = {Body movement,Conflict,Interaction,Interpersonal convergence,Synchrony},
  number = {11},
  title = {{Argument disrupts interpersonal synchrony}},
  volume = {66},
  year = {2013}
}

@Inbook{paxton2016social,
  author={Paxton, A. and Dale, R. and Richardson, D.C.},
  editor={P. Passos and K. Davids and C. Jia Yi },
  title={Social coordination of verbal and nonverbal behaviors},
  bookTitle={Interpersonal coordination and performance in social systems},
  year={2016},
  publisher={Routledge},
  address={Abington, Oxon and New York, NY},
  pages={259--273}
}

@article{paxton2017finding,
  author = {Paxton, A. and Griffiths, T.L.},
  doi = {10.3758/s13428-017-0874-x},
  issn = {15543528},
  journal = {Behavior Research Methods},
  number = {5},
  pages = {1630--1638},
  title = {{Finding the traces of behavioral and cognitive processes in big data and naturally occurring datasets}},
  volume = {49},
  year = {2017}
}

@Manual{r2016r,
    title = {{R: A} language and environment for statistical computing},
    author = {{R Core Team}},
    organization = {R Foundation for Statistical Computing},
    address = {Vienna, Austria},
    year = {2016},
    url = {https://www.R-project.org/},
  }
  
@article{riley2011interpersonal,
  title={Interpersonal synergies},
  author={Riley, Michael A and Richardson, Michael and Shockley, Kevin and Ramenzoni, Ver{\'o}nica C},
  journal={Frontiers in Psychology},
  volume={2},
  pages={38},
  year={2011},
  publisher={Frontiers}
}
